@online{defn_of_cancel,
	title = {Definition and examples cancellation {\textbar} define cancellation - algebra 1 - Free Math Dictionary Online},
	url = {http://www.icoachmath.com/math_dictionary/cancellation.html},
	urldate = {2023-02-07},
	file = {Definition and examples cancellation | define cancellation - algebra 1 - Free Math Dictionary Online:/Users/eax/Zotero/storage/7A5IH26T/cancellation.html:text/html},
}